<?xml version="1.0" encoding="utf-8"?>
<record xmlns="http://www.loc.gov/MARC21/slim" xmlns:xsi="http://www.w3.org/2001/XMLSchema-instance" xsi:schemaLocation="http://www.loc.gov/MARC21/slim http://www.loc.gov/standards/marcxml/schema/MARC21slim.xsd">
	<leader>     nam a22     Mi 4500</leader>
	<controlfield tag="001">248319</controlfield>
	<controlfield tag="003">NjP</controlfield>
	<controlfield tag="006">m        d        </controlfield>
	<controlfield tag="007">cr cn |||m|||a</controlfield>
	<controlfield tag="008">180326s1980    ir d    o     000 0 araod</controlfield>
	<datafield ind1="7" ind2=" " tag="024">
		<subfield code="a">princeton_aco001170</subfield>
		<subfield code="2">local</subfield>
	</datafield>
	<datafield ind1=" " ind2=" " tag="040">
		<subfield code="a">ZYU</subfield>
		<subfield code="b">eng</subfield>
		<subfield code="c">ZYU</subfield>
	</datafield>
	<datafield ind1="0" ind2=" " tag="041">
		<subfield code="a">ara</subfield>
		<subfield code="a">per</subfield>
		<subfield code="a">eng</subfield>
	</datafield>
	<datafield ind1=" " ind2=" " tag="079">
		<subfield code="a">ocm08373934</subfield>
		<subfield code="z">ocn213784079</subfield>
	</datafield>
	<datafield ind1="0" ind2=" " tag="100">
		<subfield code="6">880-01</subfield>
		<subfield code="a">Jāmī,</subfield>
		<subfield code="d">1414-1492.</subfield>
		<subfield code="0">(uri)http://id.loc.gov/authorities/names/n79068673</subfield>
	</datafield>
	<datafield ind1="1" ind2="0" tag="240">
		<subfield code="6">880-02</subfield>
		<subfield code="a">Durrah al-fākhirah</subfield>
	</datafield>
	<datafield ind1="1" ind2="3" tag="245">
		<subfield code="6">880-03</subfield>
		<subfield code="a">al-Durrah al-fākhirah fī taḥqīq madhhab al-Ṣūfīyah wa-al-mutakallimīn wa-al-ḥukamāʼ al-mutaqaddimīn</subfield>
		<subfield code="h">[electronic resource] /</subfield>
		<subfield code="c">Nūr al-Dīn ʻAbd al-Raḥmān Jāmī ; bi-inz̤imām-i havāshī-i muʼallif va sharḥ-i ʻAbd al-Ghafūr Lārī va Ḥikmat ʻImādīyah ; bi-ihtimām-i Nīkulā Hīr va ʻAlī Mūsavī Bihbahānī.</subfield>
	</datafield>
	<datafield ind1=" " ind2=" " tag="260">
		<subfield code="a">Tihrān :</subfield>
		<subfield code="b">Muʼassasah-ʼi Mutāliʻāt-i Islāmī-i Dānishgāh-i Makgīl shuʻbah-ʼi Tihrān bā hamkārī Dānishgāh-i Tihrān,</subfield>
		<subfield code="c">1980.</subfield>
	</datafield>
	<datafield ind1=" " ind2=" " tag="300">
		<subfield code="a">online resource (67, 222, 34 p., [2] folded leaves) :</subfield>
		<subfield code="b">charts</subfield>
	</datafield>
	<datafield ind1=" " ind2="0" tag="440">
		<subfield code="a">Silsilah-ʼi Dānish-i Īrānī ;</subfield>
		<subfield code="v">19</subfield>
	</datafield>
	<datafield ind1=" " ind2=" " tag="500">
		<subfield code="a">Added t.p. in English.</subfield>
	</datafield>
	<datafield ind1=" " ind2=" " tag="500">
		<subfield code="a">Text in Arabic or Persian ; introductions in Persian or English.</subfield>
	</datafield>
	<datafield ind1=" " ind2=" " tag="500">
		<subfield code="a">Part of the Arabic Collections Online (ACO) project, contributed by Princeton University Libraries.</subfield>
	</datafield>
	<datafield ind1=" " ind2=" " tag="533">
		<subfield code="a">Electronic reproduction.</subfield>
		<subfield code="b">New York, N.Y. :</subfield>
		<subfield code="c">New York University,</subfield>
		<subfield code="d">2018.</subfield>
		<subfield code="5">NNU</subfield>
	</datafield>
	<datafield ind1=" " ind2="0" tag="650">
		<subfield code="a">God (Islam)</subfield>
		<subfield code="x">Early works to 1800.</subfield>
		<subfield code="0">(uri)http://id.loc.gov/authorities/subjects/sh2008118219</subfield>
	</datafield>
	<datafield ind1=" " ind2="0" tag="650">
		<subfield code="a">Sufism</subfield>
		<subfield code="x">Early works to 1800.</subfield>
		<subfield code="0">(uri)http://id.loc.gov/authorities/subjects/sh2008112367</subfield>
	</datafield>
	<datafield ind1="1" ind2=" " tag="700">
		<subfield code="6">880-04</subfield>
		<subfield code="a">Lārī, ʻAbd al-Ghafūr,</subfield>
		<subfield code="d">-1506</subfield>
		<subfield code="0">(uri)http://id.loc.gov/authorities/names/n78052447</subfield>
	</datafield>
	<datafield ind1="1" ind2=" " tag="700">
		<subfield code="a">Heer, Nicholas.</subfield>
	</datafield>
	<datafield ind1="1" ind2=" " tag="700">
		<subfield code="a">Mūsavī Bihbahānī, ʻAlī.</subfield>
	</datafield>
	<datafield ind1="2" ind2=" " tag="710">
		<subfield code="a">Princeton University.</subfield>
		<subfield code="b">Library.</subfield>
	</datafield>
	<datafield ind1="0" ind2=" " tag="730">
		<subfield code="a">Arabic Collections Online.</subfield>
	</datafield>
	<datafield ind1="0" ind2="8" tag="776">
		<subfield code="i">Print version:</subfield>
		<subfield code="a">Jāmī, 1414-1492. (uri)http://id.loc.gov/authorities/names/n79068673</subfield>
		<subfield code="t">al-Durrah al-fākhirah fī taḥqīq madhhab al-Ṣūfīyah wa-al-mutakallimīn wa-al-ḥukamāʼ al-mutaqaddimīn</subfield>
		<subfield code="w">(NjP)248319</subfield>
	</datafield>
	<datafield ind1="4" ind2="0" tag="856">
		<subfield code="u">http://hdl.handle.net/2333.1/2547dffp</subfield>
	</datafield>
	<datafield ind1="0" ind2=" " tag="880">
		<subfield code="6">100-01</subfield>
		<subfield code="a">جامي،</subfield>
		<subfield code="d">1414-1492.</subfield>
	</datafield>
	<datafield ind1="1" ind2="0" tag="880">
		<subfield code="6">240-02</subfield>
		<subfield code="a">درة الفاخرة</subfield>
	</datafield>
	<datafield ind1="1" ind2="2" tag="880">
		<subfield code="6">245-03</subfield>
		<subfield code="a">الدرة الفاخرة في تحقيق مذهب الصوفية والمتكلمين والحكماء المتقدمين /</subfield>
		<subfield code="c">نور الدين عبد الرحمن جامي ؛ bi-inz̤imām-i havāshī-i muʼallif va sharḥ-i ʻAbd al-Ghafūr Lārī va Ḥikmat ʻImādīyah ; bi-ihtimām-i Nīkulā Hīr va ʻAlī Mūsavī Bihbahānī</subfield>
	</datafield>
	<datafield ind1="1" ind2=" " tag="880">
		<subfield code="6">700-04</subfield>
		<subfield code="a">لاري، عبد الغفور،</subfield>
		<subfield code="d">d. 1506.</subfield>
	</datafield>
	<datafield ind1=" " ind2=" " tag="911">
		<subfield code="a">19921028</subfield>
	</datafield>
	<datafield ind1=" " ind2=" " tag="912">
		<subfield code="a">19900822000000.0</subfield>
	</datafield>
	<datafield ind1=" " ind2=" " tag="959">
		<subfield code="a">NNU</subfield>
		<subfield code="b">WEB</subfield>
		<subfield code="c">GENI</subfield>
		<subfield code="t">0</subfield>
		<subfield code="m">Electronic access</subfield>
		<subfield code="s">01</subfield>
	</datafield>
	<datafield ind1=" " ind2=" " tag="999">
		<subfield code="a">248319</subfield>
		<subfield code="s">princeton_aco001170</subfield>
	</datafield>
</record>
